@article{cerutiUnconventionalRobustIntegrator2022,
  title = {An Unconventional Robust Integrator for Dynamical Low-Rank Approximation},
  author = {Ceruti, Gianluca and Lubich, Christian},
  date = {2022-03},
  journaltitle = {BIT Numerical Mathematics},
  shortjournal = {Bit Numer Math},
  volume = {62},
  number = {1},
  pages = {23--44},
  issn = {0006-3835, 1572-9125},
  doi = {10.1007/s10543-021-00873-0},
  url = {https://link.springer.com/10.1007/s10543-021-00873-0},
  langid = {english}
}

@article{cerutiRankadaptiveRobustIntegrator2022,
  title = {A Rank-Adaptive Robust Integrator for Dynamical Low-Rank Approximation},
  author = {Ceruti, Gianluca and Kusch, Jonas and Lubich, Christian},
  date = {2022-12},
  journaltitle = {BIT Numerical Mathematics},
  shortjournal = {Bit Numer Math},
  volume = {62},
  number = {4},
  pages = {1149--1174},
  issn = {0006-3835, 1572-9125},
  doi = {10.1007/s10543-021-00907-7},
  url = {https://link.springer.com/10.1007/s10543-021-00907-7},
  langid = {english}
}

@article{kochDynamicalLowRank2007,
  title = {Dynamical {{Low}}‚Äê{{Rank Approximation}}},
  author = {Koch, Othmar and Lubich, Christian},
  date = {2007-01},
  journaltitle = {SIAM Journal on Matrix Analysis and Applications},
  shortjournal = {SIAM J. Matrix Anal. \& Appl.},
  volume = {29},
  number = {2},
  pages = {434--454},
  issn = {0895-4798, 1095-7162},
  doi = {10.1137/050639703},
  url = {http://epubs.siam.org/doi/10.1137/050639703},
  langid = {english}
}

@article{lubichProjectorsplittingIntegratorDynamical2014,
  title = {A Projector-Splitting Integrator for Dynamical Low-Rank Approximation},
  author = {Lubich, Christian and Oseledets, Ivan V.},
  date = {2014-03},
  journaltitle = {BIT Numerical Mathematics},
  shortjournal = {Bit Numer Math},
  volume = {54},
  number = {1},
  pages = {171--188},
  issn = {0006-3835, 1572-9125},
  doi = {10.1007/s10543-013-0454-0},
  url = {http://link.springer.com/10.1007/s10543-013-0454-0},
  langid = {english}
}
